<?xml version="1.0" encoding="UTF-8"?><record xmlns="http://www.loc.gov/MARC21/slim" xmlns:cinclude="http://apache.org/cocoon/include/1.0" xmlns:zs="http://www.loc.gov/zing/srw/">
  <leader>00393nz  a2200133n  4500</leader>
  <controlfield tag="001">no2002000582</controlfield>
  <controlfield tag="003">DLC</controlfield>
  <controlfield tag="005">20020104071048.0</controlfield>
  <controlfield tag="008">020103n| acannaab            n ana     c</controlfield>
  <datafield tag="010" ind1=" " ind2=" ">
    <subfield code="a">no2002000582</subfield>
  </datafield>
  <datafield tag="035" ind1=" " ind2=" ">
    <subfield code="a">(OCoLC)oca05657787</subfield>
  </datafield>
  <datafield tag="040" ind1=" " ind2=" ">
    <subfield code="a">RPB-NP</subfield>
    <subfield code="b">eng</subfield>
    <subfield code="c">RPB-NP</subfield>
  </datafield>
  <datafield tag="110" ind1="2" ind2=" ">
    <subfield code="a">Bartleby.com, Inc.</subfield>
  </datafield>
  <datafield tag="670" ind1=" " ind2=" ">
    <subfield code="a">Bartleby.com, 2001:</subfield>
    <subfield code="b">Contact us page viewed Dec. 28, 2001 (Bartleby.com, Inc., New York, NY)</subfield>
  </datafield>
</record>